@book{koch2011javascript,
  title={JavaScript},
  author={Koch, Stefan},
  year={2011},
  publisher={dpunkt}
}

@inproceedings{guha2010essence,
  title={The essence of JavaScript},
  author={Guha, Arjun and Saftoiu, Claudiu and Krishnamurthi, Shriram},
  booktitle={ECOOP 2010--Object-Oriented Programming: 24th European Conference, Maribor, Slovenia, June 21-25, 2010. Proceedings 24},
  pages={126--150},
  year={2010},
  organization={Springer}
}